%% CITES I BIBLIOGRAFIA
% ICA
@article{ICA_Sawada_Ono_Kameoka_Kitamura_Saruwatari_2019, title={A review of blind source separation methods: two converging routes to ILRMA originating from ICA and NMF}, volume={8}, DOI={10.1017/ATSIP.2019.5}, journal={APSIPA Transactions on Signal and Information Processing}, author={Sawada, Hiroshi and Ono, Nobutaka and Kameoka, Hirokazu and Kitamura, Daichi and Saruwatari, Hiroshi}, year={2019}, pages={e12}}

@article{ICA_hyvarinen2000independent,
  title={Independent component analysis: algorithms and applications},
  author={Hyvarinen, Aapo and Oja, Erkki},
  journal={Neural networks},
  volume={13},
  number={4-5},
  pages={411--430},
  year={2000},
  publisher={Elsevier}
}
% PCA
@book{PCA_jolliffe2002principal,
  title={Principal component analysis},
  author={Jolliffe, Ian},
  year={2002},
  publisher={John Wiley \& Sons}
}
% Non-negative matrix Factorization (NMF)
@article{NMF_lee1999learning,
  title={Learning the parts of objects by non-negative matrix factorization},
  author={Lee, Daniel D and Seung, H Sebastian},
  journal={Nature},
  volume={401},
  number={6755},
  pages={788--791},
  year={1999},
  publisher={Nature Publishing Group}
}

% OTHERS

% Descripció: Aquest article ensenya una tècnica de clustering basada en deep learning per a la segmentació i separació d'àudio en pistes individuals.
@inproceedings{hershey2016deep,
  title={Deep clustering: Discriminative embeddings for segmentation and separation},
  author={Hershey, John R and Chen, Zhuo and Le Roux, Jonathan and et al.},
  booktitle={2016 IEEE International Conference on Acoustics, Speech and Signal Processing (ICASSP)},
  pages={31--35},
  year={2016},
  organization={IEEE}
}

% Descripció: Aquest article presenta una arquitectura de xarxa neuronal convolucional per a la separació de veus en música polifònica.
@inproceedings{grill2017two,
  title={Two-stage singing voice separation via deep convolutional neural networks},
  author={Grill, Thomas and Schluter, Jan and Ney, Hermann},
  booktitle={2017 IEEE International Conference on Acoustics, Speech and Signal Processing (ICASSP)},
  pages={121--125},
  year={2017},
  organization={IEEE}
}

%% CNN
% Descripció: Aquest article introdueix una arquitectura de xarxa neuronal convolucional (CNN) per a la separació de veus en àudio musical.
@article{CNN_jansson2017singing,
  title={Singing voice separation with deep u-net convolutional networks},
  author={Jansson, Andreas and Humphrey, Eric J and Montecchio, Nicola and Bittner, Rachel M and Kumar, Anssi and Weyde, T},
  journal={2017 25th European Signal Processing Conference (EUSIPCO)},
  pages={23--27},
  year={2017},
  organization={IEEE}
}

% Descripció: Aquest article presenta una arquitectura de xarxa neuronal per a la separació de pistes d'àudio basada en múltiples escales.
@inproceedings{lva2018waveunet,
  title={Wave-u-net: A multi-scale neural network for end-to-end audio source separation},
  author={Lva, {\'E}douard and Rolland, Paul and Plumbley, Mark D},
  booktitle={2018 IEEE International Conference on Acoustics, Speech and Signal Processing (ICASSP)},
  pages={321--325},
  year={2018},
  organization={IEEE}
}

% Descripció: Aquest article presenta una eina d'avaluació transparent per a mètriques comunes en recuperació de informació musical (MIR).
@inproceedings{raffel2014mir_eval,
  title={mir eval: A transparent implementation of common mir metrics},
  author={Raffel, Colin and Ellis, Daniel PW},
  booktitle={Proceedings of the 15th International Conference on Music Information Retrieval (ISMIR)},
  year={2014}
}

% Descripció: Aquest article presenta una millora en el model d'anàlisi multipitch per a la transcripció automàtica de música.
@article{pardo2002improved,
  title={An improved multipitch analysis model},
  author={Pardo, Bryan},
  journal={ICMC Proceedings},
  volume={2},
  pages={35--38},
  year={2002}
}

% Descripció: Aquest article presenta un estimador de freqüència fonamental per a la transcripció automàtica de veu i música.
@inproceedings{abdallah2004fundamental,
  title={A fundamental frequency estimator for speech and music},
  author={Abdallah, Samer A and Plumbley, Mark D},
  booktitle={2004 IEEE International Conference on Acoustics, Speech, and Signal Processing},
  volume={3},
  pages={iii--421},
  year={2004},
  organization={IEEE}
}

% Descripció: Aquest article presenta reptes i direccions futures en la transcripció automàtica de música.
@inproceedings{benetos2013automatic,
  title={Automatic music transcription: Challenges and future directions},
  author={Benetos, Emmanouil and Dixon, Simon},
  booktitle={Proceedings of the 14th International Society for Music Information Retrieval Conference (ISMIR)},
  year={2013}
}